@misc{GYM,
        Author = {Greg Brockman and Vicki Cheung and Ludwig Pettersson and Jonas Schneider and John Schulman and Jie Tang and Wojciech Zaremba},
        Title = {OpenAI Gym},
        Year = {2016},
        Eprint = {arXiv:1606.01540},
}

@ONLINE {lunarlander,
    author = "Oleg Klimov",
    title  = "LunarLander-v2",
    month  = "apr",
    year   = "2017",
    url    = "https://gym.openai.com/envs/LunarLander-v2"
}

@article{pgpe,
  author =		 "Sehnke, F. and  Osendorfer, C. and  Rueckstiess, T. and  Graves, A. and  Peters, J. and  Schmidhuber, J.",
  year =		 "2010",
  title =		 "Parameter-exploring Policy Gradients",
  booktitle =		 "Neural Networks",
  URL =			 "http://robot-learning.de/uploads/Publications/Neural-Networks-2010-Sehnke_[0].pdf"
}